@article{ma2025soft,
  title={Soft Diffusion Actor-Critic: Efficient Online Reinforcement Learning for Diffusion Policy},
  author={Ma, Haitong and Chen, Tianyi and Wang, Kai and Li, Na and Dai, Bo},
  journal={arXiv preprint arXiv:2502.00361},
  year={2025}
}

@article{song2021train,
  title={How to train your energy-based models},
  author={Song, Yang and Kingma, Diederik P},
  journal={arXiv preprint arXiv:2101.03288},
  year={2021}
}

@inproceedings{haarnoja2017reinforcement,
  title={Reinforcement learning with deep energy-based policies},
  author={Haarnoja, Tuomas and Tang, Haoran and Abbeel, Pieter and Levine, Sergey},
  booktitle={International conference on machine learning},
  pages={1352--1361},
  year={2017},
  organization={PMLR}
}

@article{shribak2024diffusion,
  title={Diffusion Spectral Representation for Reinforcement Learning},
  author={Shribak, Dmitry and Gao, Chen-Xiao and Li, Yitong and Xiao, Chenjun and Dai, Bo},
  journal={arXiv preprint arXiv:2406.16121},
  year={2024}
}

@inproceedings{haarnoja2018soft,
  title={Soft actor-critic: Off-policy maximum entropy deep reinforcement learning with a stochastic actor},
  author={Haarnoja, Tuomas and Zhou, Aurick and Abbeel, Pieter and Levine, Sergey},
  booktitle={International conference on machine learning},
  pages={1861--1870},
  year={2018},
  organization={Pmlr}
}